<record><leader>00000cas a22000007a 4500</leader><controlfield tag="001">21893649</controlfield><controlfield tag="008">900621d19381938mnudr ne      0    0eng d</controlfield><datafield ind1=" " ind2=" " tag="010"><subfield code="a">sn 89081114 </subfield></datafield><datafield ind1=" " ind2=" " tag="040"><subfield code="a">MN#</subfield><subfield code="b">eng</subfield><subfield code="c">MN#</subfield><subfield code="d">OCLCQ</subfield></datafield><datafield ind1=" " ind2=" " tag="042"><subfield code="a">msc</subfield></datafield><datafield ind1=" " ind2=" " tag="043"><subfield code="a">n-us-mn</subfield></datafield><datafield ind1=" " ind2=" " tag="052"><subfield code="a">4144</subfield><subfield code="b">D9</subfield></datafield><datafield ind1=" " ind2=" " tag="052"><subfield code="a">4143</subfield><subfield code="b">S2</subfield></datafield><datafield ind1="0" ind2="4" tag="245"><subfield code="a">The Duluth guildsman.</subfield></datafield><datafield ind1=" " ind2=" " tag="260"><subfield code="a">Duluth, Minn. :</subfield><subfield code="b">Lake Superior Newspaper Guild,</subfield><subfield code="c">1938.</subfield></datafield><datafield ind1=" " ind2=" " tag="300"><subfield code="a">v.</subfield></datafield><datafield ind1=" " ind2=" " tag="310"><subfield code="a">Daily</subfield></datafield><datafield ind1="0" ind2=" " tag="362"><subfield code="a">Vol. 1, no. 4 (Apr. 8, 1938).</subfield></datafield><datafield ind1=" " ind2=" " tag="500"><subfield code="a">Publication of striking guildsmen employed by the Duluth herald and News-tribune.</subfield></datafield><datafield ind1=" " ind2=" " tag="530"><subfield code="a">Available on microfilm from the Minnesota Historical Society.</subfield></datafield><datafield ind1=" " ind2=" " tag="752"><subfield code="a">United States</subfield><subfield code="b">Minnesota</subfield><subfield code="c">Saint Louis</subfield><subfield code="d">Duluth.</subfield></datafield><datafield ind1="0" ind2="0" tag="780"><subfield code="t">Guild striker (Duluth, Minn.)</subfield><subfield code="w">(DLC)sn 90081113</subfield></datafield><datafield ind1="0" ind2="0" tag="785"><subfield code="t">Guild daily (Duluth, Minn.)</subfield><subfield code="w">(DLC)sn 89008115</subfield></datafield></record>